@article{Branco:1999fs,
  author       = "Branco, Gustavo C. and Lavoura, Luis and Silva, Joao P.",
  title        = "{CP violation}",
  journal      = "Int.Ser.Monogr.Phys.",
  volume       = "103",
  pages        = "1-536",
  year         = "1999",
  SLACcitation = "%%CITATION = IMPHA,103,1;%%",
}

@Article{Dighe:1998vk,
  author        = "Dighe, Amol S. and Dunietz, Isard and Fleischer, Robert",
  title         = "{Extracting CKM phases and \BsBsbar{} mixing parameters from angular distributions of nonleptonic B decays}",
  journal       = "Eur. Phys. J.",
  volume        = "C6",
  year          = "1999",
  pages         = "647",
  eprint        = "hep-ph/9804253",
  archivePrefix = "arXiv",
  doi           = "10.1007/s100520050372",
  SLACcitation  = "%%CITATION = HEP-PH/9804253;%%"                                                   
}

@article{Dunietz:2000cr,
  author        = "Dunietz, Isard and Fleischer, Robert and Nierste, Ulrich",
  title         = "{In pursuit of new physics with $\Bs{}$ decays}",
  journal       = "Phys. Rev.",
  volume        = "D63",
  pages         = "114015",
  doi           = "10.1103/PhysRevD.63.114015",
  year          = "2001",
  eprint        = "hep-ph/0012219",
  archivePrefix = "arXiv",
  primaryClass  = "hep-ph",
}

@PhdThesis{DuPree:2010,
  author    = "Du Pree, Tristan",
  title     = "{Search for a strange phase in beautiful oscillations}",
  school    = {VU University, Amsterdam},
  year      = {2010},
  note      = "{CERN-THESIS-2010-124}",
}
